@Article{Meyer2003,
	title = {The support vector machine under test },
	journal = {Neurocomputing},
	volume = {55},
	number = {1---2},
	pages = {169--186},
	year = {2003},
	note = {Support Vector Machines },
	issn = {0925-2312},
	url = {http://doi.org/10.1016/S0925-2312(03)00431-4},
	author = {David Meyer and Friedrich Leisch and Kurt Hornik},
	keywords = {Benchmark},
	keywords = {Comparative study},
	keywords = {Support vector machines},
	keywords = {Regression},
	keywords = {Classification }
}

@InProceedings{Shen2007,
	author    = {Shen, Dan  and  Lapata, Mirella},
	title     = {Using Semantic Roles to Improve Question Answering},
	booktitle = {Proceedings of the 2007 Joint Conference on Empirical Methods in Natural Language Processing and Computational Natural Language Learning (EMNLP-CoNLL)},
	month     = {June},
	year      = {2007},
	address   = {Prague, Czech Republic},
	publisher = {Association for Computational Linguistics},
	pages     = {12--21},
	url       = {http://www.aclweb.org/anthology/D/D07/D07-1002}
}

@InProceedings{Hasan2013,
	author = {Kazi Saidul Hasan and Vincent Ng},
	title = {Frame Semantics for Stance Classification},
	booktitle = {Proceedings of the Seventeenth Conference on Computational Natural Language Learning},
	month = {August},
	year = {2013},
	address   = {Sofia, Bulgaria},
	pages = {124--132},
	url = {http://www.aclweb.org/anthology/W/W13/W13-3514}
}

@inproceedings{Bird2004,
	author = {Bird, Steven and Loper, Edward},
	title = {NLTK: The Natural Language Toolkit},
	booktitle = {Proceedings of the ACL 2004 on Interactive Poster and Demonstration Sessions},
	series = {ACLdemo '04},
	year = {2004},
	location = {Barcelona, Spain},
	url = {http://dx.doi.org/10.3115/1219044.1219075},
	doi = {10.3115/1219044.1219075},
	publisher = {Association for Computational Linguistics},
	address = {Stroudsburg, PA, USA},
} 

@ARTICLE{Miller1995,
	author = {George A. Miller},
	title = {WordNet: A Lexical Database for English},
	journal = {COMMUNICATIONS OF THE ACM},
	year = {1995},
	volume = {38},
	pages = {39--41}
}

@article{Surdeanu2011,
	title = {Learning to Rank Answers to Non-Factoid Questions from Web Collections},
	author  = {Mihai Surdeanu and Massimiliano Ciaramita and Hugo Zaragoza},
	year  = {2011},
	URL = {http://www.mitpressjournals.org/doi/pdf/10.1162/COLI\_a\_00051},
	journal = {Computational Linguistics},
	pages = {351--383},
	volume  = {37}
}

@Article{scikit-learn,
 title={Scikit-learn: Machine Learning in {P}ython},
 author={Pedregosa, F. and Varoquaux, G. and Gramfort, A. and Michel, V.
         and Thirion, B. and Grisel, O. and Blondel, M. and Prettenhofer, P.
         and Weiss, R. and Dubourg, V. and Vanderplas, J. and Passos, A. and
         Cournapeau, D. and Brucher, M. and Perrot, M. and Duchesnay, E.},
 journal={Journal of Machine Learning Research},
 volume={12},
 pages={2825--2830},
 year={2011}
}

@inproceedings{ferreira2016emergent,
  title={Emergent: a novel data-set for stance classification},
  author={Ferreira, William and Vlachos, Andreas},
  booktitle={Proceedings of the 2016 Conference of the North American Chapter of the Association for Computational Linguistics: Human Language Technologies},
  year={2016},
  organization={ACL}
}


@article{Augenstein16,
  author    = {Isabelle Augenstein and
               Tim Rockt{\"{a}}schel and
               Andreas Vlachos and
               Kalina Bontcheva},
  title     = {Stance Detection with Bidirectional Conditional Encoding},
  journal   = {CoRR},
  volume    = {abs/1606.05464},
  year      = {2016},
  url       = {http://arxiv.org/abs/1606.05464},
}

